%%% EJEMPLOS DE CADA TIPO DE REFENCIAS PARA MISCELÁNEA MATEMÁTICA
%%% OLIVIA GUTÚ, 2011


%%% ARTICLE
@article{daniel,
author 		= {Azagra, D. and Dobrowolski, T.},
title 		= {Smooth negligibility of compact sets in infinite-dimensional {B}anach spaces with applications},
journal		= {Math. Ann.},
volume 		= {312},
number		= {3},
year 		= {1998},
pages 		= {445--463},
}

%%% BOOK
@Book{axler,
author 		= {Axler, S.},
title 		= {Linear algebra done right},
publisher 	= {Springer},
year 		= {1996},
edition		= {2},
}

@Book{apostol,
author 		= {Apostol, T.},
title 		= {Mathematical analysis},
publisher 	= {Addison Wesley},
year 		= {1974},
volume		= {2},
edition		= {3},
}

%%% INBOOK
@Inbook{halmos,
author	   = {Halmos, P. R.},
title	   = {How to write mathematics},
pages	   = {19--48},
publisher  = {AMS},
year	   = {1981},
}

%%% INCOLLECTION
@INCOLLECTION{juanantonio,
author 		= {P\'erez, J. A.},
booktitle	= {Gu\'ia para la elaboraci\'on de documentos de la Colecci\'on Humboldt},
title		= {{D}iccionario urgente de estilo cient\'ifico del espa\~nol},
publisher 	= {IIRB Alexander von Humboldt},
year 		= {2006},
}


%%% INPROCEEDINGS
@INPROCEEDINGS{fede,
author		= {Men\'endez, F.},
title		= {F\'ormulas de tipo {W}eyl para dominios exteriores},
booktitle	= {Aportaciones Matem\'aticas},
year		= {2003},
series		= {XXXV Congreso Nacional de la Sociedad Matem\'atica Mexicana},
}

%%% MASTERSTHESIS
@MASTERSTHESIS{olivia,
author 		= {Gut\'u, O.},
title 		= {Teoremas globales de la funci\'on inversa},
school  	= {Universidad Complutense de Madrid},
year 		= {2000},
}

%%% MISC
@MISC{bibtex,
author	   = {Feder, A.},
title	   = {Your Bibtex resource},
howpublished  = {www.bibtex.org},
year	   = {2006},
}



%%% PHDTHESIS
@PHDTHESIS{danieltesis,
author 		= {Azagra, D.},
title 		= {Smooth negligibility and subdifferential calculus in {B}anach spaces, with applications},
school  	= {Universidad Complutense de Madrid},
year 		= {1997},
}



%%% PROCEEDINGS
@PROCEEDINGS{congreso,
title	   = {Proceedings of International Congress of Mathematicians},
editor	   = {Sanz Sol\'e, M. and Soria, J. and Varona, J. L. and Verdera, J.},
year	   = {2006},
address	   = {Madrid},
}


%%% TECHREPORT
@TECHREPORT{edscott,
author 	    = {Wilson, E.},
title	    = {Escribiendo documentos en {L}atex},
institution = {Universidad de Sonora},
year		= {2011},
type		= {notas de curso},
}

%%% UNPUBLISHED
@UNPUBLISHED{choro,
author		= {Gonz\'alez, J.},
title		= {A primer of iterative learning control},
note    	= {por publicarse},
}

